% Ejemplo de artículo de conferencia
@inproceedings{borrego2019,
  title={Generating Rules to Filter Candidate Triples for their Correctness Checking by Knowledge Graph Completion Techniques},
  author={Agust{\'i}n Borrego and Daniel Ayala and Inma Hern{\'a}ndez and Carlos R. Rivero and David Ruiz},
  booktitle={{K-CAP}},
  pages={115--122},
  year={2019},
  doi={10.1145/3360901.3364418},
}

% Ejemplo de artículo de revista
@article{borrego2021,
  author    = {Agust{\'i}n Borrego and Daniel Ayala and Inma Hern{\'a}ndez and Carlos R. Rivero and David Ruiz},
  title     = {{CAFE:} {K}nowledge graph completion using neighborhood-aware features},
  journal   = {Eng. Appl. Artif. Intell.},
  volume    = {103},
  pages     = {104302},
  year      = {2021},
  url       = {https://doi.org/10.1016/j.engappai.2021.104302},
  doi       = {10.1016/j.engappai.2021.104302},
}

% Ejemplo de enlace web
@misc{webETSII,
  title={Página principal de la Escuela Técnica de Ingeniería Informática},
  author={Universidad de Sevilla},
  year={2020},
  url={https://www.informatica.us.es}
}

@manual{scikit-learn-knnimputer,
  title        = {sklearn.impute.KNNImputer},
  author       = {scikit-learn developers},
  organization = {scikit-learn},
  year         = {2024},
  howpublished = {\url{https://scikit-learn.org/stable/modules/generated/sklearn.impute.KNNImputer.html}},
  note         = {Accessed: 2025-06-23}
}

@manual{scikit-learn-train-test-split,
  title        = {sklearn.impute.train\_test\_split},
  author       = {scikit-learn developers},
  organization = {scikit-learn},
  year         = {2024},
  howpublished = {\url{https://scikit-learn.org/stable/modules/generated/sklearn.model\_selection.train\_test\_split.html}},
  note         = {Accessed: 2025-06-23}
}


@article{genomicBiology,
	author = {Hasin, Yehudit and Seldin, Marcus and Lusis, Aldons},
	journal = {Genome Biology},
	number = {1},
	pages = {83},
	title = {Multi-omics approaches to disease},
	volume = {18},
	year = {2017}
}

@misc{tcga_nci,
  author       = {{National Cancer Institute}},
  title        = {The Cancer Genome Atlas (TCGA)},
  year         = {2024},
  url          = {https://www.cancer.gov/ccg/research/genome-sequencing/tcga},
  note         = {Accessed: 2025-06-26},
  institution  = {National Cancer Institute},
}

@misc{gdsc_website,
  author       = {Genomics of Drug Sensitivity in Cancer Project},
  title        = {Genomics of Drug Sensitivity in Cancer (GDSC)},
  year         = {2024},
  url          = {https://www.cancerrxgene.org/},
  note         = {Accessed: 2025-06-26},
  institution  = {Wellcome Sanger Institute},
}


@article{metastasisCancer,
	author = {Garcia-Recio, Susana and Zagami, Paola and Felsheim, Brooke M. and Wheless, Amy and Thomas, Kerry and Trimarchi, Renato and Carey, Lisa A. and Perou, Charles M.},
	journal = {npj Breast Cancer},
	number = {1},
	pages = {9},
	title = {Understanding metastasis mixed-treatment responses through genomic analyses},
	volume = {11},
	year = {2025}}



@misc{partsNeuron,
  author = {Cláudia Neves},
  title = {The biological neuron.},
  year = {2018},
  url = {https://www.researchgate.net/figure/The-biological-neuron_fig2_320384373},
}

@misc{simplePerceptron,
  author = {Robert Keim},
  title = {How to Use a Simple Perceptron Neural Network Example to Classify Data},
  year = {2019},
  url = {https://www.allaboutcircuits.com/technical-articles/how-to-perform-classification-using-a-neural-network-a-simple-perceptron-example/},
}

@inproceedings{treesOverNets,
  title     = {Why do tree-based models still outperform deep learning on tabular data?},
  author    = {Grinsztajn, Léo and Oyallon, Edouard and Varoquaux, Gaël},
  booktitle = {Advances in Neural Information Processing Systems (NeurIPS)},
  year      = {2022}
}

@misc{treesLimitations,
  author       = {Müller, Simon},
  title        = {Overcoming the Limitations of Tree-Based Models in Time Series Forecasting},
  howpublished = {Medium},
  month        = feb,
  year         = {2024},
  url          = {https://medium.com/@simon.peter.mueller/overcoming-the-limitations-of-tree-based-models-in-time-series-forecasting-c2c5bd71a8f1},
  note         = {Accessed on June 16, 2025}
}

@misc{livelossplot,
  author       = {Piotr Migdał and others},
  title        = {livelossplot: Live training loss plot in Jupyter Notebook},
  howpublished = {\url{https://pypi.org/project/livelossplot/}},
  note         = {Version 0.5.6; Accessed: 2025-06-16},
  year         = {2025}
}

@misc{tensorflow,
  title     = {{TensorFlow}: Large-Scale Machine Learning on Heterogeneous Systems},
  author    = {Abadi, Martín and Agarwal, Ashish and Barham, Paul and Brevdo, Eugene and Chen, Zhifeng and Citro, Craig and Corrado, Greg S. and Davis, Andy and Dean, Jeffrey and Devin, Matthieu and Ghemawat, Sanjay and Goodfellow, Ian and Harp, Andrew and Irving, Geoffrey and Isard, Michael and Jia, Yangqing and Jozefowicz, Rafal and Kaiser, Łukasz and Kudlur, Manjunath and Levenberg, Josh and Mané, Dandelion and Monga, Rajat and Moore, Sherry and Murray, Derek and Olah, Chris and Schuster, Mike and Shlens, Jonathon and Steiner, Benoit and Sutskever, Ilya and Talwar, Kunal and Tucker, Paul and Vanhoucke, Vincent and Vasudevan, Vijay and Viégas, Fernanda and Vinyals, Oriol and Warden, Pete and Wattenberg, Martin and Wicke, Martin and Yu, Yuan and Zheng, Xiaoqiang},
  year      = {2015},
  url       = {https://www.tensorflow.org/},
  note      = {Version 2.19.0; accessed: 2025-06-16}
}

@misc{pytorch,
  author       = {Paszke, Adam and Gross, Sam and Chintala, Soumith and others},
  title        = {PyTorch},
  howpublished = {\url{https://pypi.org/project/torch/}},
  note         = {Version 2.7.0; accessed: 2025-06-16},
  year         = {2025}
}

@misc{modelcheckpoint,
  author       = {Google and the TensorFlow Team},
  title        = {{ModelCheckpoint}},
  howpublished = {TensorFlow API Documentation},
  note         = {Version 2.16.1; accessed: 2025-06-16},
  url          = {https://www.tensorflow.org/api_docs/python/tf/keras/callbacks/ModelCheckpoint}
}

@misc{earlystopping,
  author       = {Google and the TensorFlow Team},
  title        = {{EarlyStopping}},
  howpublished = {TensorFlow API Documentation},
  note         = {Version 2.16.1; accessed: 2025-06-16},
  url          = {https://www.tensorflow.org/api_docs/python/tf/keras/callbacks/EarlyStopping}
}

@misc{reducelronplateau,
  author       = {Google and the TensorFlow Team},
  title        = {{ReduceLROnPlateau}},
  howpublished = {TensorFlow API Documentation},
  note         = {Version 2.16.1; accessed: 2025-06-16},
  url          = {https://www.tensorflow.org/api_docs/python/tf/keras/callbacks/ReduceLROnPlateau}
}

@misc{tensorflow-mse,
  author       = {Google and the TensorFlow Team},
  title        = {{MSE}},
  howpublished = {TensorFlow API Documentation},
  note         = {Version 2.16.1; accessed: 2025-06-16},
  url          = {https://www.tensorflow.org/api_docs/python/tf/keras/losses/MSE}
}

@misc{tensorflow-logcosh,
  author       = {Google and the TensorFlow Team},
  title        = {{LogCosh}},
  howpublished = {TensorFlow API Documentation},
  note         = {Version 2.16.1; accessed: 2025-06-16},
  url          = {https://www.tensorflow.org/api_docs/python/tf/keras/losses/LogCosh}
}

@misc{tensorflow-huber,
  author       = {Google and the TensorFlow Team},
  title        = {{Huber}},
  howpublished = {TensorFlow API Documentation},
  note         = {Version 2.16.1; accessed: 2025-06-16},
  url          = {https://www.tensorflow.org/api_docs/python/tf/keras/losses/Huber}
}

@misc{tensorflow-rmse,
  author       = {Google and the TensorFlow Team},
  title        = {{tf.keras.metrics.RootMeanSquaredError}},
  howpublished = {TensorFlow API Documentation},
  note         = {Version 2.16.1; accessed: 2025-06-16},
  url          = {https://www.tensorflow.org/api_docs/python/tf/keras/metrics/RootMeanSquaredError}
}

@misc{tensorflow-mae,
  author       = {Google and the TensorFlow Team},
  title        = {{tf.keras.losses.MAE}},
  howpublished = {TensorFlow API Documentation},
  note         = {Version 2.16.1; accessed: 2025-06-16},
  url          = {https://www.tensorflow.org/api_docs/python/tf/keras/losses/MAE}
}

@misc{arik2020tabnetattentiveinterpretabletabular,
      title={TabNet: Attentive Interpretable Tabular Learning}, 
      author={Sercan O. Arik and Tomas Pfister},
      year={2020},
      eprint={1908.07442},
      archivePrefix={arXiv},
      primaryClass={cs.LG},
      url={https://arxiv.org/abs/1908.07442}, 
}

@article{convolutionalToSkipImpute, 
  author = {Chang, Li-Wei and Li, Cheng-Te and Yang, Chun-Pai and Lin, Shou-de}, 
  title = {Learning on Missing Tabular Data: Attention with Self-Supervision, Not Imputation, Is All You Need}, 
  year = {2025}, 
  issue_date = {June 2025}, 
  publisher = {Association for Computing Machinery}, 
  address = {New York, NY, USA}, 
  volume = {16}, 
  number = {3}, 
  issn = {2157-6904}, 
  url = {https://doi.org/10.1145/3729241}, 
  doi = {10.1145/3729241}
}



@article{tabularIntoImages,
	author = {Sharma, Alok and Vans, Edwin and Shigemizu, Daichi and Boroevich, Keith A. and Tsunoda, Tatsuhiko},
	journal = {Scientific Reports},
	number = {1},
	pages = {11399},
	title = {DeepInsight: A methodology to transform a non-image data to an image for convolution neural network architecture},
	volume = {9},
	year = {2019}
}

@inproceedings{softOrdering1D,
  author    = {Mathew, M.~S. and Kandukuri, S.~T. and Omlin, C.~W.},
  title     = {Soft Ordering 1-D CNN to Estimate the Capacity Factor of Windfarms for Identifying the Age-Related Performance Degradation},
  booktitle = {Proceedings of the PHM Society European Conference},
  year      = {2024},
  volume    = {8},
  month     = jun,
  pages     = {9},
  doi       = {10.36001/phme.2024.v8i1.4028},
}

@misc{silu,
      title={Sigmoid-Weighted Linear Units for Neural Network Function Approximation in Reinforcement Learning}, 
      author={Stefan Elfwing and Eiji Uchibe and Kenji Doya},
      year={2017},
      eprint={1702.03118},
      archivePrefix={arXiv},
      primaryClass={cs.LG},
      url={https://arxiv.org/abs/1702.03118}, 
}

@misc{contextgatedconvolution,
      title={Context-Gated Convolution}, 
      author={Xudong Lin and Lin Ma and Wei Liu and Shih-Fu Chang},
      year={2020},
      eprint={1910.05577},
      archivePrefix={arXiv},
      primaryClass={cs.CV},
      url={https://arxiv.org/abs/1910.05577}, 
}

@misc{gatedscnngatedshapecnns,
      title={Gated-SCNN: Gated Shape CNNs for Semantic Segmentation}, 
      author={Towaki Takikawa and David Acuna and Varun Jampani and Sanja Fidler},
      year={2019},
      eprint={1907.05740},
      archivePrefix={arXiv},
      primaryClass={cs.CV},
      url={https://arxiv.org/abs/1907.05740}, 
}

@misc{zheng2024advancedpaymentsecuritysystemxgboost,
      title={Advanced Payment Security System:XGBoost, LightGBM and SMOTE Integrated}, 
      author={Qi Zheng and Chang Yu and Jin Cao and Yongshun Xu and Qianwen Xing and Yinxin Jin},
      year={2024},
      eprint={2406.04658},
      archivePrefix={arXiv},
      primaryClass={cs.CR},
      url={https://arxiv.org/abs/2406.04658}, 
}

@article{Computer-aided-boosting,
   title={Computer-aided diagnosis of lung nodule using gradient tree boosting and Bayesian optimization},
   volume={13},
   ISSN={1932-6203},
   url={http://dx.doi.org/10.1371/journal.pone.0195875},
   DOI={10.1371/journal.pone.0195875},
   number={4},
   journal={PLOS ONE},
   publisher={Public Library of Science (PLoS)},
   author={Nishio, Mizuho and Nishizawa, Mitsuo and Sugiyama, Osamu and Kojima, Ryosuke and Yakami, Masahiro and Kuroda, Tomohiro and Togashi, Kaori},
   editor={Li, Xiang},
   year={2018},
   month=apr, pages={e0195875} 
}

@manual{scikit-learn-gridsearchcv,
  title        = {sklearn.model\_selection.GridSearchCV},
  author       = {{Scikit-learn developers}},
  organization = {Scikit-learn},
  year         = {2025},
  note         = {Version 1.7.0},
  url          = {https://scikit-learn.org/stable/modules/generated/sklearn.model_selection.GridSearchCV.html}
}

@manual{xgboost,
  title        = {XGBoost Python Package},
  author       = {xgboost developers},
  year         = {2022},
  note         = {Version 3.0.2},
  url          = {https://xgboost.readthedocs.io/en/stable/python/python_api.html}
}

@manual{scikit-learn-randomizedsearchcv,
  title        = {sklearn.model\_selection.RandomizedSearchCV},
  author       = {{Scikit-learn developers}},
  organization = {Scikit-learn},
  year         = {2025},
  note         = {Version 1.7.0},
  url          = {https://scikit-learn.org/stable/modules/generated/sklearn.model_selection.RandomizedSearchCV.html}
}

@manual{scikit-learn-onehotencoder,
  title        = {sklearn.preprocessing.OneHotEncoder},
  author       = {{Scikit-learn developers}},
  organization = {Scikit-learn},
  year         = {2025},
  note         = {Version 1.7.0},
  url          = {https://scikit-learn.org/stable/modules/generated/sklearn.preprocessing.OneHotEncoder.html}
}

@manual{scikit-learn-ordinalencoder,
  title        = {sklearn.preprocessing.OrdinalEncoder},
  author       = {{Scikit-learn developers}},
  organization = {Scikit-learn},
  year         = {2025},
  note         = {Version 1.7.0},
  url          = {https://scikit-learn.org/stable/modules/generated/sklearn.preprocessing.OrdinalEncoder.html}
}

@manual{scikit-learn-rfe,
  title        = {sklearn.feature\_selection.RFE},
  author       = {{Scikit-learn developers}},
  organization = {Scikit-learn},
  year         = {2025},
  note         = {Version 1.7.0},
  url          = {https://scikit-learn.org/stable/modules/generated/sklearn.feature_selection.RFE.html}
}

@manual{scikit-learn-selectfrommodel,
  title        = {sklearn.feature\_selection.SelectFromModel},
  author       = {{Scikit-learn developers}},
  organization = {Scikit-learn},
  year         = {2025},
  note         = {Version 1.7.0},
  url          = {https://scikit-learn.org/stable/modules/generated/sklearn.feature_selection.SelectFromModel.html}
}

@misc{cai2022theoreticalfoundationstsnevisualizing,
      title={Theoretical Foundations of t-SNE for Visualizing High-Dimensional Clustered Data}, 
      author={T. Tony Cai and Rong Ma},
      year={2022},
      eprint={2105.07536},
      archivePrefix={arXiv},
      primaryClass={stat.ML},
      url={https://arxiv.org/abs/2105.07536}, 
}

@misc{scikit-learn-tsne,
  title        = {t-SNE},
  author       = {{Scikit-learn developers}},
  organization = {Scikit-learn},
  note         = {Accessed: June 20, 2025},
  year         = {2025},
}

@misc{mcinnes2020umapuniformmanifoldapproximation,
      title={UMAP: Uniform Manifold Approximation and Projection for Dimension Reduction}, 
      author={Leland McInnes and John Healy and James Melville},
      year={2020},
      eprint={1802.03426},
      archivePrefix={arXiv},
      primaryClass={stat.ML},
      url={https://arxiv.org/abs/1802.03426}, 
}

@misc{umap-docs,
  author       = {McInnes, Leland and Healy, John and Saul, Nathaniel and Großberger, Lukas},
  title        = {UMAP: Uniform Manifold Approximation and Projection for Dimension Reduction},
  howpublished = {\url{https://umap-learn.readthedocs.io/en/latest/}},
  note         = {Accessed: June 20, 2025},
  year         = {2025},
}

@online{amit2024onehot,
  author    = {Amit, Hey},
  title     = {One-Hot Encoding Explained},
  year      = {2024},
  month     = {November},
  url       = {https://medium.com/@heyamit10/one-hot-encoding-explained-0b0130ccd78e},
  note      = {Accessed: 2025-06-23},
  publisher = {Medium}
}

@misc{gdsc_kaggle,
  author       = {Samira Alipour},
  title        = {Genomics of Drug Sensitivity in Cancer (GDSC)},
  year         = {2023},
  howpublished = {\url{https://www.kaggle.com/datasets/samiraalipour/genomics-of-drug-sensitivity-in-cancer-gdsc}},
  note         = {Accessed: 2025-06-23}
}

@misc{cosmic,
  author       = {Sanger Institute},
  title        = {COSMIC: Catalogue Of Somatic Mutations In Cancer},
  year         = {2025},
  howpublished = {\url{https://cancer.sanger.ac.uk/cosmic/login}},
  note         = {Accessed: 2025-06-23}
}

@misc{sanger,
  title        = {Sanger Institute},
  year         = {2024},
  howpublished = {\url{https://www.sanger.ac.uk/}},
  note         = {Accessed: 2025-06-23}
}

@misc{scikit-learn-standardscaler,
  author       = {scikit-learn developers},
  title        = {scikit-learn: Machine Learning in Python -- \texttt{StandardScaler}},
  year         = {2011},
  howpublished = {\url{https://scikit-learn.org/stable/modules/generated/sklearn.preprocessing.StandardScaler.html}},
  note         = {Accessed: 2025-06-23}
}

@misc{scikit-learn-robustscaler,
  author       = {scikit-learn developers},
  title        = {scikit-learn: Machine Learning in Python -- \texttt{RobustScaler}},
  year         = {2011},
  howpublished = {\url{https://scikit-learn.org/stable/modules/generated/sklearn.preprocessing.RobustScaler.html}},
  note         = {Accessed: 2025-06-23}
}